%--------------------------------
% Introducción
%--------------------------------

@misc{datos::uni,
 author = {{Ministry of Education, Culture and Sports. Government of Spain.}},
 title = {Data and Statistics of the Spanish Educational System},
 note = {\url{http://www.mecd.gob.es/educacion-mecd/areas-educacion/universidades/estadisticas-informes/estadisticas/alumnado.html}},
 year = {2004--2015},
}

@article{gago2004europe,
  title={Europe needs More Scientists: Report by the High Level Group on Increasing Human Resources for Science and Technology},
  author={Gago, JM},
  journal={Brussels: European Commission},
  year={2004}
}

@techreport{Kearney2014, 
title ={Efforts to Increase Students' Interest in Pursuing Mathematics, Science and Technology Studies and Careers National Measures taken by 16 of European Schoolnet's Member Countries }, 
author = {Caroline Kearney},
note = {\url{http://www.educationandemployers.org/wp-content/uploads/2014/06/efforts\_to\_increase\_interest\_stem\_full\_report.pdf}},
year = 2014
}

@techreport{OECD2006,
title={Evolution of Student Interest in Science and Technology Studies. Policy Report. OCDE, Global Science Forum.},
author = {OECD},
note = {\url{http://www.oecd.org/science/sci-tech/36645825.pdf}},  
month = {Mayo},
year = 2006
}

@misc{IET::stats,
 author = {{The Institution of Engineering and Technology.}},
 title = {Women in STEM - Statistics and Facts 2015},
 note = {\url{https://communities.theiet.org/files/8042}},
 year = {2015},
}

@misc{NCWIT::stats,
 author = {{The National Center for Women And Information Technology.}},
 title = {Girls in IT: The Facts},
 note = {\url{https://www.ncwit.org/resources/girls-it-facts}},
 year = {2012},
}

@book{wagenaar2008universities,
  title={Universities contribution to the Bologna Process: An introduction},
  author={Wagenaar, Robert and Gonz{\'a}lez, Julia},
  year={2008}
}


@techreport{everis2012, 
title = {Factors influents en l'elecci\'o d'estudis cient\'ifics, tecnol\`ogics i matem\`atics},
author = {Everis},
note = {\url{http://ww.everis.com/catalonia/WCLibraryRepository/Factors%20influents%20eleccio%20estudis%20CTM.PDF}},
year = 2012
}

@techreport{mtg2015, 
title = {{Mind The Gap Project. Needs Analysis Summary}},
author = {{MTG Project}},
note = {\url{http://mindthegapproject.eu/wp-content/uploads/2015/02/Final-Need-Analysis-Report.pdf}},  
month = {Abril},
year = 2015
}

@book{hill2010so,
  title={Why so few? Women in Science, Technology, Engineering, and Mathematics.},
  author={Hill, Catherine and Corbett, Christianne and St Rose, Andresse},
  year={2010},
  publisher={ERIC}
}

@article{hyde1990gender,
  title={Gender differences in mathematics performance: a meta-analysis.},
  author={Hyde, Janet S and Fennema, Elizabeth and Lamon, Susan J},
  journal={Psychological bulletin},
  volume={107},
  number={2},
  pages={139},
  year={1990},
  publisher={American Psychological Association}
}

@article{reuben2014stereotypes,
  title={How stereotypes impair women's careers in science},
  author={Reuben, Ernesto and Sapienza, Paola and Zingales, Luigi},
  journal={Proceedings of the National Academy of Sciences},
  volume={111},
  number={12},
  pages={4403--4408},
  year={2014},
  publisher={National Acad Sciences}
}

@article{voyles2008teachers,
  title={Teachers respond functionally to student gender differences in a technology course},
  author={Voyles, Martha M and Fossum, Tim and Haller, Susan},
  journal={Journal of Research in Science Teaching},
  volume={45},
  number={3},
  pages={322--345},
  year={2008},
  publisher={Wiley Online Library}
}


@article{hazari2013factors,
  title={Factors that affect the physical science career interest of female students: Testing five common hypotheses},
  author={Hazari, Zahra and Potvin, Geoff and Lock, Robynne M and Lung, Florin and Sonnert, Gerhard and Sadler, Philip M},
  journal={Physical Review Special Topics-Physics Education Research},
  volume={9},
  number={2},
  pages={020115},
  year={2013},
  publisher={APS}
}

@article{wilson1992benefits,
	title={The benefits of diversity in the science and engineering work force},
	author={Wilson, Linda S},
	journal={Science and engineering programs: On target for women},
	pages={1--14},
	year={1992}
}


%--------------------------------
% Estado del Arte
%--------------------------------

% Proyectos ---------------------

@misc{mtg:site, 
title = {{Mind The Gap Project}},
author = {{MTG Project}},
note = {\url{http://mindthegapproject.eu}},
year = 2015
}

% Asociaciones ------------------

@book{glover1995women,
	title={Women, culture, and development: A study of human capabilities},
	author={Glover, Jonathan},
	year={1995},
	publisher={Oxford University Press}
}

@misc{inmujer:site, 
title = {{Spanish Institute for Women and Gender Equality}},
author = {{Ministry of Minister of Health, Social Services and Equality. Spanish Government.}},
note = {\url{http://www.inmujer.gob.es/elInstituto/conocenos/home.htm}},
year = 2016
}

@misc{ukgequ:site, 
	title = {{Government Equalities Office}},
	author = {{UK Government}},
	note = {\url{https://www.gov.uk/government/organisations/government-equalities-office}},
	year = 2016
}

@misc{uswomen:site, 
	title = {{The White House Council on Women and Girls}},
	author = {{USA Government}},
	note = {\url{https://www.whitehouse.gov/administration/eop/cwg}},
	year = 2016
}

@misc{aauw:site, 
	title = {{American Association of University Women}},
	author = {{AAUW}},
	note = {\url{http://www.aauw.org/}},
	year = 2016
}

@misc{kira2012, 
title = {{30+ Organizations for Women in Technology}},
author = {Kira M. Newman},
note = {\url{http://tech.co/organizations-women-technology-2012-07}},
year = 2012
}

@misc{karliek2012, 
	title = {{Kode with Karlie Scholarship}},
	author = {Karlie Kloss, Flatiron School},
	note = {\url{https://precollege.flatironschool.com/kode-with-karlie}},
	year = 2016
}

@misc{lauren2015, 
	title = {{17 Places where women can learn to code}},
	author = {Laurence Bradford},
	note = {\url{http://learntocodewith.me/posts/13-places-women-learn-code/}},
	year = 2015
}

@misc{git:site, 
title = {{Girls in Tech}},
author = {Adriana Gascoigne},
note = {\url{https://girlsintech.org/}},
year = 2016
}

% Campamentos, campus -----------

@misc{cmadrid:site, 
title = {{``Con m\'as futuro'' camp}},
author = {{Con m\'as futuro}},
note = {\url{http://www.campamentos.conmasfuturo.com/\#campamentos}},
year = 2016
}

@misc{cbcn:site, 
title = {{Technology camps at Catalonia and The Basque Country}},
author = {{Technology Camp}},
note = {\url{http://camptecnologico.com/}},
year = 2016
}

@misc{cinfant:site, 
title = {{Open Software Camp for children}},
author = {{Open Software Office. University of Granada.}},
note = {\url{http://osl.ugr.es/category/formacion/campus-infantil-formacion/}},
year = {2017--2015}
}

@misc{cchicas:site, 
title = {{Technology camp for girls}},
author = {University of Granada},
note = {\url{http://sereingeniera.ugr.es/}},
year = {2014--2015}
}

%--------------------------------
% Metodología
%--------------------------------

@misc{wiki:2016,
   author = {Wikipedia},
   title = {Zaid\'in (Granada)},
   year = {s.f.},
   note = {\url{https://es.wikipedia.org/wiki/Zaid\%C3\%ADn\_(Granada)}},
   note = {[Last Accessed: 15-05-2016]}
 }
 
 @misc{iesZV:2013, 
title = {{IES Zaid\'in-Vergeles. Educational Project of the Centre (in Spanish).}},
author = {{IES Zaid\'in-Vergeles}},
note = {\url{http://www.ieszaidinvergeles.org/recursos/PROYECTOEDUCATIVO13-14.pdf}},
year = 2013
}

@misc{iesZV:site, 
title = {{Zaid\'in-Vergeles High School's website.}},
author = {{IES Zaid\'in-Vergeles}},
note = {\url{http://www.ieszaidinvergeles.org/}},
note = {[Last Accessed: 08-06-2016]}
}

@book{cohen2013research,
  title={Research methods in education},
  author={Cohen, Louis and Manion, Lawrence and Morrison, Keith},
  year={2013},
  publisher={Routledge}
}


%--------------------------------
% Resultados
%--------------------------------

@article{ieszv:blog,
  title={Semana de la Ciencia SOLAR XIX},
  author={IES Zaid\'in-Vergeles},
  note = {\url{http://www.ieszaidinvergeles.org/blog/?p=672}},
  month = {Abril},
  year = {2016}
}

@misc{lomce8,
  title={8/2013, de 9 de diciembre, para la mejora de la calidad educativa.},
  year={2013},
  author={LOMCE, Ley Org{\'a}nica},
  journal={Consultada en el BOE},
  number={295}
}
